<?xml version="1.0" encoding="UTF-8"?><collection xmlns="http://www.loc.gov/MARC21/slim"><record><leader>00499nam--2200145-i-4500</leader><controlfield tag="001">000017778</controlfield><controlfield tag="002">20161230</controlfield><controlfield tag="005">20161230201032</controlfield><controlfield tag="008">060222s1000------------r-----000-0-eng-d</controlfield><datafield ind1=" " ind2=" " tag="080"><subfield code="a">541.64</subfield></datafield><datafield ind1=" " ind2=" " tag="100"><subfield code="a">Andersen, Flemming A., Jensen, K.A., Holm, Arne</subfield></datafield><datafield ind1=" " ind2=" " tag="245"><subfield code="a">Investigations of formaldehyde oxime, its polymers and coordination compounds i,ii</subfield></datafield><datafield ind1=" " ind2=" " tag="260"><subfield code="a">Copenhagen, Kommissionaer: Munksgaard, 1978 24 P</subfield></datafield><datafield ind1=" " ind2=" " tag="490"><subfield code="a">Det Dongelige Danske Videnskabernes Selska Math.-fysike Medd</subfield></datafield><datafield ind1=" " ind2=" " tag="852"><subfield code="a">44990</subfield></datafield></record></collection>